<record><leader>00000cas a2200000 a 4500</leader><controlfield tag="001">12309570</controlfield><controlfield tag="008">850726d186u1891iluwr ne      0   a0eng c</controlfield><datafield ind1=" " ind2=" " tag="010"><subfield code="a">sn 85033899 </subfield></datafield><datafield ind1=" " ind2=" " tag="040"><subfield code="a">NPU</subfield><subfield code="b">eng</subfield><subfield code="c">NPU</subfield><subfield code="d">NVF</subfield><subfield code="d">MGN</subfield><subfield code="d">OCL</subfield><subfield code="d">CVF</subfield><subfield code="d">NVF</subfield><subfield code="d">OCLCQ</subfield><subfield code="d">NVF</subfield><subfield code="d">OCLCF</subfield><subfield code="d">OCLCO</subfield></datafield><datafield ind1="1" ind2=" " tag="029"><subfield code="a">AU@</subfield><subfield code="b">000020234573</subfield></datafield><datafield ind1=" " ind2=" " tag="042"><subfield code="a">pcc</subfield></datafield><datafield ind1=" " ind2=" " tag="043"><subfield code="a">n-us-il</subfield></datafield><datafield ind1="0" ind2=" " tag="130"><subfield code="a">Carroll County mirror (Mount Carroll, Ill. : 1866)</subfield></datafield><datafield ind1="1" ind2="0" tag="245"><subfield code="a">Carroll County mirror.</subfield></datafield><datafield ind1="1" ind2=" " tag="246"><subfield code="i">Published as:</subfield><subfield code="a">Carroll County weekly mirror</subfield><subfield code="f">&lt;Jan. 14, 1868&gt;</subfield></datafield><datafield ind1="1" ind2=" " tag="246"><subfield code="i">Published as:</subfield><subfield code="a">Mount Carroll mirror</subfield><subfield code="f">May 5, 1868</subfield></datafield><datafield ind1=" " ind2=" " tag="260"><subfield code="a">Mt. Carroll, Ill. :</subfield><subfield code="b">Hollinger &amp; Windle</subfield></datafield><datafield ind1="3" ind2=" " tag="260"><subfield code="3">&lt;1874&gt;</subfield><subfield code="a">Mt. Carroll, Ill. :</subfield><subfield code="b">John M. Adair</subfield></datafield><datafield ind1=" " ind2=" " tag="300"><subfield code="a">v. ;</subfield><subfield code="c">67 cm.</subfield></datafield><datafield ind1=" " ind2=" " tag="310"><subfield code="a">Weekly</subfield></datafield><datafield ind1="0" ind2=" " tag="362"><subfield code="a">-v. 33, no. 40 (June 12, 1891).</subfield></datafield><datafield ind1=" " ind2=" " tag="500"><subfield code="a">Proprietor: John M. Adair, &lt;1874&gt;.</subfield></datafield><datafield ind1=" " ind2=" " tag="580"><subfield code="a">Merged with: Carroll County herald, to form: Carroll County mirror and herald.</subfield></datafield><datafield ind1=" " ind2=" " tag="588"><subfield code="a">Description based on: Vol. 8, no. 29 (Apr. 18, 1866).</subfield></datafield><datafield ind1=" " ind2="0" tag="651"><subfield code="a">Mount Carroll (Ill.)</subfield><subfield code="v">Newspapers.</subfield></datafield><datafield ind1=" " ind2="0" tag="651"><subfield code="a">Carroll County (Ill.)</subfield><subfield code="v">Newspapers.</subfield></datafield><datafield ind1=" " ind2="7" tag="655"><subfield code="a">Newspapers.</subfield><subfield code="2">fast</subfield><subfield code="0">(OCoLC)fst01423814</subfield></datafield><datafield ind1=" " ind2="7" tag="651"><subfield code="a">Illinois</subfield><subfield code="z">Carroll County.</subfield><subfield code="2">fast</subfield><subfield code="0">(OCoLC)fst01209215</subfield></datafield><datafield ind1=" " ind2="7" tag="651"><subfield code="a">Illinois</subfield><subfield code="z">Mount Carroll.</subfield><subfield code="2">fast</subfield><subfield code="0">(OCoLC)fst01237869</subfield></datafield><datafield ind1=" " ind2=" " tag="752"><subfield code="a">United States</subfield><subfield code="b">Illinois</subfield><subfield code="c">Carroll</subfield><subfield code="d">Mount Carroll.</subfield></datafield><datafield ind1="0" ind2="0" tag="780"><subfield code="t">Carroll County weekly mirror</subfield><subfield code="w">(DLC)sn 93055910</subfield><subfield code="w">(OCoLC)28234233</subfield></datafield><datafield ind1="1" ind2="7" tag="785"><subfield code="t">Carroll County herald</subfield><subfield code="w">(DLC)sn 93055911</subfield><subfield code="w">(OCoLC)28234370</subfield></datafield><datafield ind1="1" ind2="7" tag="785"><subfield code="t">Carroll County mirror and herald</subfield><subfield code="w">(DLC)sn 93055912</subfield><subfield code="w">(OCoLC)28234528</subfield></datafield></record>